@article{impellizzeri2007physiology,
  title={The physiology of mountain biking},
  author={Impellizzeri, Franco M and Marcora, Samuele M},
  journal={Sports medicine},
  volume={37},
  number={1},
  pages={59--71},
  year={2007},
  publisher={Springer}
}

@article{gaulrapp2001injuries,
  title={Injuries in mountain biking},
  author={Gaulrapp, H and Weber, A and Rosemeyer, B},
  journal={Knee surgery, sports traumatology, arthroscopy},
  volume={9},
  number={1},
  pages={48--53},
  year={2001},
  publisher={Springer}
}

@article{kronisch2002mountain,
  title={Mountain biking injuries},
  author={Kronisch, Robert L and Pfeiffer, Ronald P},
  journal={Sports medicine},
  volume={32},
  number={8},
  pages={523--537},
  year={2002},
  publisher={Springer}
}

@MISC{imbarating,
      AUTHOR = "International Mountain Bicycling Association",
      TITLE = "Trail Difficulty Rating System",
      DAY = 4,
      MONTH = jun,
      YEAR = 2019,
      NOTE = "\url{https://www.imba.com/resource/trail-difficulty-rating-system}"
}

@MISC{imbaguidelines,
      AUTHOR = "International Mountain Bicycling Association",
      TITLE = "Trail Rating Guidelines",
      DAY = 4,
      MONTH = jun,
      YEAR = 2019,
      NOTE = "\url{https://imbacanada.com/trail-rating-guidelines/}"
}

@MISC{britishcyclinggrades,
      AUTHOR = "British Cycling",
      TITLE = "MTB Trail Grading System",
      DAY = 4,
      MONTH = jun,
      YEAR = 2019,
      NOTE = "\url{https://www.britishcycling.org.uk/search/article/mtbst20100615-MTB-Trail-Grading-System-0}"
}

@article{schymik2008singletrail,
  title={Singletrail-Skala (STS) Version1. 4},
  author={Schymik, Carsten and Philipp, Harald and Werner, David},
  journal={Einstufung in technische Schwierigkeitsgrade. Zugriff am},
  volume={15},
  pages={2015},
  year={2008}
}

@MISC{osmsingletrails,
      AUTHOR = "openstreetmap.org",
      TITLE = "Mountain biking",
      DAY = 4,
      MONTH = jun,
      YEAR = 2019,
      NOTE = "\url{https://wiki.openstreetmap.org/wiki/Mountain\_biking}"
}

@MISC{openstreetmap,
      AUTHOR = "openstreetmap.org",
      TITLE = "Openstreetmap",
      DAY = 16,
      MONTH = jun,
      YEAR = 2019,
      NOTE = "\url{https://wiki.openstreetmap.org}"
}

@MISC{bybtelemetry,
      AUTHOR = "BYB Telemetry",
      TITLE = "BYB Telemetry",
      DAY = 4,
      MONTH = jun,
      YEAR = 2019,
      NOTE = "\url{https://www.bybtelemetry.com/}"
}

@MISC{stendecracing,
      AUTHOR = "Stendec Racing",
      TITLE = "Stendec Racing",
      DAY = 4,
      MONTH = jun,
      YEAR = 2019,
      NOTE = "\url{https://stendecracing.com/about/}"
}

@article{wang2019deep,
  title={Deep learning for sensor-based activity recognition: A survey},
  author={Wang, Jindong and Chen, Yiqiang and Hao, Shuji and Peng, Xiaohui and Hu, Lisha},
  journal={Pattern Recognition Letters},
  volume={119},
  pages={3--11},
  year={2019},
  publisher={Elsevier}
}

@inproceedings{moya2018convolutional,
  title={Convolutional neural networks for human activity recognition using body-worn sensors},
  author={Moya Rueda, Fernando and Grzeszick, Ren{\'e} and Fink, Gernot and Feldhorst, Sascha and ten Hompel, Michael},
  booktitle={Informatics},
  volume={5},
  number={2},
  pages={26},
  year={2018},
  organization={Multidisciplinary Digital Publishing Institute}
}

@inproceedings{ravi2005activity,
  title={Activity recognition from accelerometer data},
  author={Ravi, Nishkam and Dandekar, Nikhil and Mysore, Preetham and Littman, Michael L},
  booktitle={Aaai},
  volume={5},
  number={2005},
  pages={1541--1546},
  year={2005}
}

@inproceedings{bao2004activity,
  title={Activity recognition from user-annotated acceleration data},
  author={Bao, Ling and Intille, Stephen S},
  booktitle={International conference on pervasive computing},
  pages={1--17},
  year={2004},
  organization={Springer}
}

@article{kwapisz2011activity,
  title={Activity recognition using cell phone accelerometers},
  author={Kwapisz, Jennifer R and Weiss, Gary M and Moore, Samuel A},
  journal={ACM SigKDD Explorations Newsletter},
  volume={12},
  number={2},
  pages={74--82},
  year={2011},
  publisher={ACM}
}

@article{lara2012survey,
  title={A survey on human activity recognition using wearable sensors},
  author={Lara, Oscar D and Labrador, Miguel A},
  journal={IEEE communications surveys \& tutorials},
  volume={15},
  number={3},
  pages={1192--1209},
  year={2012},
  publisher={IEEE}
}

@inproceedings{yang2015deep,
  title={Deep convolutional neural networks on multichannel time series for human activity recognition},
  author={Yang, Jianbo and Nguyen, Minh Nhut and San, Phyo Phyo and Li, Xiao Li and Krishnaswamy, Shonali},
  booktitle={Twenty-Fourth International Joint Conference on Artificial Intelligence},
  year={2015}
}

@inproceedings{zeng2014convolutional,
  title={Convolutional neural networks for human activity recognition using mobile sensors},
  author={Zeng, Ming and Nguyen, Le T and Yu, Bo and Mengshoel, Ole J and Zhu, Jiang and Wu, Pang and Zhang, Joy},
  booktitle={6th International Conference on Mobile Computing, Applications and Services},
  pages={197--205},
  year={2014},
  organization={IEEE}
}

@article{ronao2016human,
  title={Human activity recognition with smartphone sensors using deep learning neural networks},
  author={Ronao, Charissa Ann and Cho, Sung-Bae},
  journal={Expert systems with applications},
  volume={59},
  pages={235--244},
  year={2016},
  publisher={Elsevier}
}

@article{preece2008comparison,
  title={A comparison of feature extraction methods for the classification of dynamic activities from accelerometer data},
  author={Preece, Stephen J and Goulermas, John Yannis and Kenney, Laurence PJ and Howard, David},
  journal={IEEE Transactions on Biomedical Engineering},
  volume={56},
  number={3},
  pages={871--879},
  year={2008},
  publisher={IEEE}
}

@MISC{mbientlab,
      AUTHOR = "Mbientlab",
      TITLE = "Meta Motion C",
      DAY = 5,
      MONTH = jun,
      YEAR = 2019,
      NOTE = "\url{https://mbientlab.com/metamotionc/}"
}

@MISC{ucidisciplines,
      AUTHOR = "Union Cycliste Internationale",
      TITLE = "The evolution of mountain bike and its many formats",
      DAY = 17,
      MONTH = jun,
      YEAR = 2019,
      NOTE = "\url{https://www.uci.org/news/2019/the-evolution-of-mountain-bike-and-its-many-formats}"
}

@inproceedings{ebert2017automated,
  title={Automated Recognition and Difficulty Assessment of Boulder Routes},
  author={Ebert, Andr{\'e} and Schmid, Kyrill and Marouane, Chadly and Linnhoff-Popien, Claudia},
  booktitle={International Conference on IoT Technologies for HealthCare},
  pages={62--68},
  year={2017},
  organization={Springer}
}

@article{hahnloser2000digital,
  title={Digital selection and analogue amplification coexist in a cortex-inspired silicon circuit},
  author={Hahnloser, Richard HR and Sarpeshkar, Rahul and Mahowald, Misha A and Douglas, Rodney J and Seung, H Sebastian},
  journal={Nature},
  volume={405},
  number={6789},
  pages={947},
  year={2000},
  publisher={Nature Publishing Group}
}

@article{matsugu2003subject,
  title={Subject independent facial expression recognition with robust face detection using a convolutional neural network},
  author={Matsugu, Masakazu and Mori, Katsuhiko and Mitari, Yusuke and Kaneda, Yuji},
  journal={Neural Networks},
  volume={16},
  number={5-6},
  pages={555--559},
  year={2003},
  publisher={Elsevier}
}

@article{srivastava2014dropout,
  title={Dropout: a simple way to prevent neural networks from overfitting},
  author={Srivastava, Nitish and Hinton, Geoffrey and Krizhevsky, Alex and Sutskever, Ilya and Salakhutdinov, Ruslan},
  journal={The Journal of Machine Learning Research},
  volume={15},
  number={1},
  pages={1929--1958},
  year={2014},
  publisher={JMLR. org}
}

@incollection{moolayil2019keras,
  title={Keras in Action},
  author={Moolayil, Jojo},
  booktitle={Learn Keras for Deep Neural Networks},
  pages={17--52},
  year={2019},
  publisher={Springer}
}

@article{ioffe2015batch,
  title={Batch normalization: Accelerating deep network training by reducing internal covariate shift},
  author={Ioffe, Sergey and Szegedy, Christian},
  journal={arXiv preprint arXiv:1502.03167},
  year={2015}
}